@misc{apostila,
author = {Menezes, Ivan F. M. and Luiz, Eloy Vaz and Pereira, Anderson},
year = {2012},
title = {Programa\c c\~ao Matem\'atica, Teoria, Algoritmos e Aplica\c c\~oes.},
institution = {PUC-RJ},
}

@misc{ppt,
author = {Menezes, Ivan F. M.},
year = {2022},
title = {Otimiza\c c\~ao: Algoritmos e Aplica\c c\~oes na Engenharia Mec\^anica - Notas de Aula},
institution = {PUC-RJ},
}




@misc{bfgs,
author = {Broyden, C. G. and Fletcher, R. and Goldfarb, D. and Shanno, D. F.},
title = {M\'etodo de Broyden-Fletcher-Goldfarb-Shanno},
howpublished = {\url{https://pt.frwiki.wiki/wiki/M%C3%A9thode_de_Broyden-Fletcher-Goldfarb-Shanno#R%C3%A9f%C3%A9rences}},
note = {Acessado em: 10/10/2022},
}
